@ARTICLE{fomin2015,
  title={The Firefighter problem on graph classes},
  author={Fomin, Fedor V. and Heggernes, Pinar and van Leeuwen, Erik Jan},
  journal={Theoretical Computer Science},
  volume={613},
  pages={38-50},
  year={2016},
  publisher={Elsevier}
}

@ARTICLE{garcia2015,
  title={The firefighter problem: Empirical results on random graphs},
  author={Garc√≠a-Martinez, Carlos and Blum, Christian and Rodriguez, F. J. and Lozano, Manuel},
  journal={Computers \& Operations Research},
  volume={60},
  pages={55-66},
  year={2015},
  publisher={Elsevier}
}